<?xml version="1.0" encoding="UTF-8"?><collection xmlns="http://www.loc.gov/MARC21/slim"><record><leader>00409nam--2200145-i-4500</leader><controlfield tag="001">000025028</controlfield><controlfield tag="002">20161230</controlfield><controlfield tag="005">20161230201035</controlfield><controlfield tag="008">060222s1000------------r-----000-0-eng-d</controlfield><datafield ind1=" " ind2=" " tag="080"><subfield code="a">512.83:512.9</subfield></datafield><datafield ind1=" " ind2=" " tag="100"><subfield code="a">Eisele, John A., Mason, Robert M</subfield></datafield><datafield ind1=" " ind2=" " tag="245"><subfield code="a">Applied matrix and tensor analysis</subfield></datafield><datafield ind1=" " ind2=" " tag="260"><subfield code="a">New York, Wiley-interscience, 1970. X + 337 P</subfield></datafield><datafield ind1=" " ind2=" " tag="852"><subfield code="a">34450</subfield><subfield code="c">512.831</subfield></datafield><datafield ind1=" " ind2=" " tag="CAT"><subfield code="a">Sys</subfield><subfield code="c">20080522</subfield><subfield code="h">122718</subfield></datafield></record></collection>